<?xml version="1.0" encoding="UTF-8"?><collection xmlns="http://www.loc.gov/MARC21/slim"><record><leader>00586nam--2200193-u-4500</leader><controlfield tag="001">000053180</controlfield><controlfield tag="002">20161230</controlfield><controlfield tag="005">20161230201051</controlfield><controlfield tag="008">110112s1000------------r-----000-0-rum-d</controlfield><datafield ind1=" " ind2=" " tag="040"><subfield code="a">IFIN-HH</subfield></datafield><datafield ind1=" " ind2=" " tag="041"><subfield code="a">rum</subfield></datafield><datafield ind1=" " ind2=" " tag="080"><subfield code="a">539.17.01:51-72(043)</subfield></datafield><datafield ind1="1" ind2=" " tag="100"><subfield code="a">Ionescu, Remus-amilcar</subfield></datafield><datafield ind1="1" ind2="0" tag="245"><subfield code="a">Contributii la utilizarea metodelor algebrice in descrierea imprastierii nucleare</subfield><subfield code="b">Rezumatul tezei</subfield><subfield code="c">Remus-amilcar ionescu</subfield></datafield><datafield ind1=" " ind2=" " tag="260"><subfield code="a">Bucuresti</subfield><subfield code="b">Ifa</subfield><subfield code="c">1998</subfield></datafield><datafield ind1=" " ind2=" " tag="300"><subfield code="a">37P</subfield></datafield><datafield ind1=" " ind2=" " tag="502"><subfield code="a">Conducator Stiintific: Dr. C. Hategan</subfield></datafield><datafield ind1=" " ind2=" " tag="852"><subfield code="a">80969</subfield><subfield code="c">539.17</subfield></datafield><datafield ind1=" " ind2=" " tag="CAT"><subfield code="a">Sys</subfield><subfield code="c">20110112</subfield><subfield code="h">100656</subfield></datafield></record></collection>